@book{
  mano-2002
,
	address = {Upper Saddle River, NJ, United States},
	author = {Mano, Morris},
	publisher = {Prentice Hall},
	title = {{Digital Design}},
	year = {2002},
}
