@book{
  mano-2002
,
	address = {Upper Saddle River, NJ, United States},
	author = {Mano, Morris},
	publisher = {Prentice Hall},
	title = {{Digital Design}},
	year = {2002},
}
@book{
  mora-campos-2016
,
	author = {Mora Campos, Armando},
	publisher = {Instituto Tecnológico de Querétaro},
	title = {{GUÍA BÁSICA DEL VHDL}},
	year = {2016},
	url = {http://www.itq.edu.mx/carreras/IngElectronica/archivos_contenido/Apuntes%20de%20materias/Apuntes_VHDL_2016.pdf},
}
@book{
  nuno-garcia-no-date
,
	author = {Nuño García, Fernando},
	publisher = {Área de Tecnología Electrónica Universidad de Oviedo},
	title = {{Introducción al lenguaje VHDL}},
	url = {https://www.geocities.ws/curso_tecnologia_electronica/VHDL/VHDL-OVI.pdf},
}
