@book{
  mano-2002
,
	address = {Upper Saddle River, NJ, United States},
	author = {Mano, Morris},
	publisher = {Prentice Hall},
	title = {{Digital Design}},
	year = {2002},
}

@online{
  schwartz-2018
,
  author={{E. Schwartz}, {K. Gugel}},
  title={Component Creation: Quartus Tool Tip},
  url={https://mil.ufl.edu/3701/docs/quartus/Component_Creation.pdf},
  year={2018},
}
