@book{
  mano-2002
,
	address = {Upper Saddle River, NJ, United States},
	author = {Mano, Morris},
	publisher = {Prentice Hall},
	title = {{Digital Design}},
	year = {2002},
}
@online{
  palacios-2021
,
	author = {given-i=LFH, given={Luis Fernando Herrera}, family=Palacios},
	date = {2021-11-02},
	title = {DIVISOR DE FRECUENCIA -},
	url = {https://codenandor.com/2021/11/divfreq/},
}
@online{
  solectro-2020
,
  author = {Solectro},
  date = {2020-08-26},
	title = {¿Qué es PWM y  cómo usarlo?},
	url = {https://solectroshop.com/es/blog/que-es-pwm-y-como-usarlo--n38},
}
