@book{
  boylestad-2013
,
	author = {Boylestad, Robert and Nashelsky, Louis},
	publisher = {Pearson Education Limited},
	title = {{Electronic Devices and Circuit Theory}},
	year = {2013},
}
@misc{
  wikipedia-2022
,
	author = {Colaboradores de Wikipedia},
	month = {10},
	title = {{Modulación por ancho de pulsos}},
	year = {2022},
	url = {https://es.wikipedia.org/wiki/Modulaci%C3%B3n_por_ancho_de_pulsos},
}
@misc{
  del-valle-2021
,
	author = {Del Valle Hernández, Luis},
	month = {3},
	title = {{Resistencia pull up y pull down}},
	year = {2021},
	url = {https://programarfacil.com/blog/arduino-blog/resistencia-pull-up-y-pull-down/},
}
@book{
  ferdjallah-2011
,
	address = {Hoboken, NJ, United States},
	author = {Ferdjallah, Mohammed},
	publisher = {Wiley},
	title = {{Introduction to Digital Systems}},
	year = {2011},
}
@book{
  mano-2002
,
	address = {Upper Saddle River, NJ, United States},
	author = {Mano, Morris},
	publisher = {Prentice Hall},
	title = {{Digital Design}},
	year = {2002},
}
@misc{
  olmo-no-date
,
	author = {Olmo, M and Nave},
	title = {{T Flip-Flops}},
	url = {http://hyperphysics.phy-astr.gsu.edu/hbasees/Electronic/Tflipflop.html},
}
